@ARTICLE{cpdt,
author={Adam Chlipala},
journal={Certified Programming with dependent types},
title={Arithemetic expressions over natural numbers},
year={2019},
pages={19-29},}