@article{cpdt,
    author={Adam Chlipala},
    journal={Certified Programming with dependent types},
    title={Arithemetic expressions over natural numbers},
    year={2019},
    pages={19-29},
},


@article{kami,
author = {Choi, Joonwon and Vijayaraghavan, Muralidaran and Sherman, Benjamin and Chlipala, Adam and Arvind, Arvind},
year = {2017},
month = {08},
pages = {1-30},
title = {Kami: a platform for high-level parametric hardware specification and its modular verification},
volume = {1},
journal = {Proceedings of the ACM on Programming Languages},
doi = {10.1145/3110268}
},